@Article{asl:course-description,
	 author =	{Gustavo Alonso},
	 title =	{{Advanced Systems Lab, Project and Course Description}},
	 month =	{Fall Semester},
	 year =		{2013},
	 journal =  {Systems Group, ETH Zurich}
}
@Unpublished{cd,
  author = 	 {Gustavo Alonso},
  title = 	 {{Advanced Systems Lab, Project and Course Description}},
  note = 	 {},
  OPTkey = 	 {},
  OPTmonth = 	 {Fall Semester},
  OPTyear = 	 {2013},
  OPTannote = 	 {}
}
@Article{asl:telesto,
  author = 	 {Langenegger, Dominic and Marti, Simon},
  title = 	 {{Telesto - A Distributed Message Passing System}},
  month = 	 {November},
  year = 	 {2013},
  journal =  {Advanced Systems Lab, ETH Zurich}
}
@book{jain2008art,
  title={The Art Of Computer Systems Performance Analysis:},
  author={Jain, R.},
  isbn={9788126519057},
  url={http://books.google.ch/books?id=eOR0kJjgMqkC},
  year={2008},
  publisher={Wiley India Pvt. Limited}
}
